<collection xmlns="http://www.loc.gov/MARC21/slim"><record><leader>00826nam  2200265   450</leader><controlfield tag="001">6</controlfield><controlfield tag="003">http://montalegre.opacnet.com/OPAC/default.aspx?ContentAreaControl=ShowRegHoldings.ascx&amp;RegNo=16662</controlfield><controlfield tag="005">20</controlfield><datafield tag="010" ind1=" " ind2=" "><subfield code="a">972-1-02965-3</subfield></datafield><datafield tag="021" ind1=" " ind2=" "><subfield code="a">PT</subfield><subfield code="b">35514/90</subfield></datafield><datafield tag="100" ind1=" " ind2=" "><subfield code="a">20061013d1990    m  y0pory010305  ba</subfield></datafield><datafield tag="101" ind1="1" ind2=" "><subfield code="a">por</subfield><subfield code="c">eng</subfield></datafield><datafield tag="102" ind1=" " ind2=" "><subfield code="a">PT</subfield></datafield><datafield tag="105" ind1=" " ind2=" "><subfield code="a">y   z   001ay</subfield></datafield><datafield tag="200" ind1="1" ind2=" "><subfield code="a">Olho de gato</subfield><subfield code="f">Margaret Atwood</subfield><subfield code="g">trad.: Ana Heizkessel</subfield></datafield><datafield tag="210" ind1=" " ind2=" "><subfield code="a">Mem Martins</subfield><subfield code="c">Europa-América</subfield><subfield code="d">D.L. 1990</subfield></datafield><datafield tag="215" ind1=" " ind2=" "><subfield code="a">371 p.</subfield><subfield code="d">21 cm</subfield></datafield><datafield tag="225" ind1="2" ind2=" "><subfield code="a">Século XX</subfield><subfield code="v">313</subfield></datafield><datafield tag="304" ind1=" " ind2=" "><subfield code="a">Tít. orig.: Cat's eye</subfield></datafield><datafield tag="675" ind1=" " ind2=" "><subfield code="a">821</subfield></datafield><datafield tag="700" ind1=" " ind2="1"><subfield code="a">Atwood</subfield><subfield code="b">Margaret</subfield><subfield code="f">1939</subfield></datafield><datafield tag="702" ind1=" " ind2="1"><subfield code="a">Heizkessel</subfield><subfield code="b">Ana</subfield><subfield code="4">730</subfield></datafield><datafield tag="801" ind1=" " ind2="0"><subfield code="a">PT</subfield><subfield code="b">Biblioteca Municipal de Montalegre</subfield><subfield code="g">RPC</subfield></datafield><datafield tag="856" ind1=" " ind2=" "><subfield code="u">locateMedia.asp?cod=20060503145652&amp;ext=jpg</subfield><subfield code="z">CAPA</subfield></datafield><datafield tag="909" ind1="&#9;" ind2=" "><subfield code="a">2</subfield></datafield><datafield tag="966" ind1=" " ind2=" "><subfield code="a">0008202</subfield><subfield code="l">BMM</subfield><subfield code="s">SCG 821 ATW olh 313</subfield></datafield><datafield tag="966" ind1=" " ind2=" "><subfield code="a">0008203</subfield><subfield code="l">BMM</subfield><subfield code="s">SCG 821 ATW olh 313</subfield></datafield></record></collection>